
@MISC{ xamarin:sharing_code,
  TITLE  = {Sharing Code Options in Xamarin},
  YEAR   = {2016},
  URL    = {https://docs.xamarin.com/guides/cross-platform/application_fundamentals/building_cross_platform_applications/sharing_code_options/},
  URLDATE= {2016-04-13},
}

@MISC{ xamarin:quote,
  TITLE  = {Xamarin.com},
  YEAR   = {2016},
  URL    = {https://www.xamarin.com},
  URLDATE= {2016-06-02},
}

@MISC{ xamarin:forms,
  TITLE  = {Xamarin Forms},
  YEAR   = {2016},
  URL    = {https://www.xamarin.com/forms/},
  URLDATE= {2016-04-13},
}

@MISC{ xamarin:codereuse,
  TITLE  = {Xamarin Platform},
  YEAR   = {2016},
  URL    = {https://www.xamarin.com/platform},
  URLDATE= {2016-04-13},
}

@MISC{ rn:jsenviroment,
  TITLE  = {JavaScript Environment},
  YEAR   = {2016},
  URL    = {https://facebook.github.io/react-native/docs/javascript-environment.html},
  URLDATE= {2016-10-13},
}


@MISC{ rn:debugging,
  TITLE  = {Debugging React Native},
  YEAR   = {2016},
  URL    = {https://facebook.github.io/react-native/docs/debugging.html},
  URLDATE= {2016-10-13},
}

@MISC{ rn:hotreload,
  TITLE  = {Introducing Hot Reloading},
  YEAR   = {2016},
  URL    = {https://facebook.github.io/react-native/blog/2016/03/24/introducing-hot-reloading.html},
  URLDATE= {2016-03-24},
}

@MISC{ rn:nativemodules,
  TITLE  = {Native Modules},
  YEAR   = {2016},
  URL    = {https://facebook.github.io/react-native/docs/native-modules-ios.html},
  URLDATE= {2016-11-03},
}


@MISC{ gartner,
  AUTHOR = {Gartner Inc.},
  TITLE  = {Gartner Says Worldwide Smartphone Sales Grew 9.7 Percent in Fourth Quarter of 2015},
  YEAR   = {2016},
  URL    = {http://www.gartner.com/newsroom/id/3215217},
  URLDATE= {2016-05-18},
}

@MISC{ kantar,
  AUTHOR = {Kantar Inc.},
  TITLE  = {Smartphone OS sales market share},
  YEAR   = {2016},
  URL    = {http://www.kantarworldpanel.com/global/smartphone-os-market-share/},
  URLDATE= {2016-06-01},
}

@MISC{ comscore,
  AUTHOR = {Comscore Inc.},
  TITLE  = {Major Mobile Milestones in May: Apps Now Drive Half of All Time Spent on Digital},
  MONTH  = may,
  YEAR   = {2014},
  URL    = {https://www.comscore.com/Insights/Blog/Major-Mobile-Milestones-in-May-Apps-Now-Drive-Half-of-All-Time-Spent-on-Digital},
}

@MISC{ statista,
  AUTHOR = {Statista Inc.},
  TITLE  = {Smartphone share of visits to websites in the United States in 2014 and 2015, by industry},
  YEAR   = {2015},
  URL    = {http://www.statista.com/statistics/412971/us-mobile-website-industry-visits-share/},
}

@MISC{ google:adwords,
  AUTHOR = {Jerry Dischler},
  TITLE  = {Building for the next moment},
  YEAR   = {2015},
  URL    = {http://adwords.blogspot.com/2015/05/building-for-next-moment.html},
}




@MISC{ redux:intro,
  AUTHOR = {Lee Byron},
  TITLE  = {React Conf 2015 - Immutable Data and React},
  YEAR   = {2015},
  URL    = {https://www.youtube.com/watch?v=I7IdS-PbEgI},
}


@MISC{ mobx:intro,
  AUTHOR = {Michel Weststrate},
  TITLE  = {MobX - Simple, scalable state management},
  YEAR   = {2016},
  URL    = {http://mobxjs.github.io/mobx/},
}





@MANUAL{ Patashnik88a,
  AUTHOR = {Patashnik, Oren},
  TITLE  = {{Bib\TeX}ing},
  YEAR   = {1988},
  MONTH  = jan,
}

@BOOK{ latexcompanion2nd,
  AUTHOR =    {Frank Mittelbach and Michel Goossens and Johannes Braams
               and David Carlisle and Chris Rowley},
  TITLE =     {{\LaTeX} Companion},
  PUBLISHER = {Addison-Wesley},
  YEAR =      {2004},
  MONTH =     apr,
  EDITION =   {Edition 2},
  PAGES =     {1120},
  ISBN =      {0-201-36299-6},
}
